@techreport{ieee_xts,
	title = "\textit{Standard for Cryptographic Protection of Data on Block-Oriented Storage Devices}",
	year = "2007",
	author = "IEEE",
	note = "\url{http://grouper.ieee.org/groups/1619/email/pdf00086.pdf} [Online; accessed 03-May-2017]"
}

@mastersthesis{hornak,
	author = "Juraj Hor{\v n}{\' a}k",
	title = "\textit{Bezpe{\v c}nostn{\' i} anal{\' y}za programu BestCrypt
	Volume Encryption}",
	school = "Czech Technical University in Prague,	Faculty of Information Technology",
	year = "2016"
	
}



@book{crypto,
	author = "Bruce Schneier",
	title = "\textit{Applied Cryptography (2Nd Ed.): Protocols, Algorithms, and Source Code in C}",
	year = "1995",
	isbn = "0-471-11709-9",
	publisher = "John Wiley \& Sons, Inc.",
	address = "New York, NY, USA",
}

@book{russinovich, 
	author = "Mark E. Russinovich and David A. Solomon and Alex Ionescu",
	title = "\textit{Windows Internals, Part 2}",
	year = "2012",
	isbn = "978-0-7356-6587-3",
	edition = "6th",
	publisher = "Microsoft Press"
} 


@article{evilmaid,
	author = "Joanna Rutkowska",
	title = "\textit{Evil Maid goes after TrueCrypt.}",
	year = "2009",
	note = "\url{https://theinvisiblethings.blogspot.cz/2009/10/evil-maid-goes-after-truecrypt.html} [Online; accessed 05-May-2017]"
}

@manual{jetico_secure_boot,
	title = "\textit{Disk Encryption Supporting UEFI Secure Boot Now Complete In BestCrypt By Jetico}",
	organization = "Jetico Inc. Oy",
	note = "\url{http://www.jetico.com/about-jetico/newsroom/374} [Online; accessed 05-May-2017]"
}

