
@manual{bcve_help,
	title = "\textit{BestCrypt Volume Encryption Help File}",
	organization = "Jetico Inc. Oy",
	note = "\url{http://www.jetico.com/web_help/PDF/BCVE.pdf} [accessed 03-May-2017]"
}

@manual{system_boot,
	title = "\textit{Definitions for system volume and boot volume}",
	organization = "Microsoft Corporation",
	note = "\url{https://support.microsoft.com/en-us/help/314470/} [accessed 03-May-2017]"
}

@manual{ibm_booting,
	title = "\textit{Inside the Linux boot process}",
	organization = "IBM Corporation",
	note = "\url{https://www.ibm.com/developerworks/library/l-linuxboot/l-linuxboot-pdf.pdf} [accessed 03-May-2017]"
}

@mastersthesis{hornak,
	author = "Juraj Hor{\v n}{\' a}k",
	title = "\textit{Bezpe{\v c}nostn{\' i} anal{\' y}za programu BestCrypt Volume Encryption}",
	school = "Czech Technical University in Prague,	Faculty of Information Technology",
	year = "2016"
}

@techreport{aesni,
	author = "Shay Gueron",
	organization = "Intel Corporation",
	title = "\textit{Intel® Advanced Encryption Standard (AES) New Instructions Set}",
	number = "3.01",
	year = "2016",
	note = "\url{https://software.intel.com/en-us/articles/intel-advanced-encryption-standard-aes-instructions-set/} [accessed 03-May-2017]"
}

@book{rijndael,
	author = "Daemen, Joan and Rijmen, Vincent",
	title = "\textit{The  Design of Rijndael}",
	year = "2002",
	isbn = "3540425802",
	publisher = "Springer-Verlag New York, Inc.",
	address = "Secaucus, NJ, USA",
} 

@manual{aes,
	title = "\textit{Advanced Encryption Standard}",
	organization = "National Institute of Standards and Technology",
	year = "2001",
	note = "\url{http://nvlpubs.nist.gov/nistpubs/FIPS/NIST.FIPS.197.pdf} [accessed 03-May-2017]"
}

@article{rc6,
	title = "\textit{The RC6 Block Cipher}",
	author = "Ronald L. Rivest and Matt Robshaw and Ray Sidney and Yiqun Lisa Yin",
	year = "1998"
}

@article{serpent,
	title = "\textit{Serpent: A Proposal for the Advanced Encryption Standard}",
	author = "Ross Anderson and Eli Biham and Lars Knudsen",
	year = "1998"
}

@article{aes_perf,
	title = "\textit{A Performance Comparison of the Five AES Finalists}",
	author = "Bruce Schneier and Doug Whiting",
	year = "2000",
	note = "\url{https://www.schneier.com/academic/paperfiles/paper-aes-comparison.pdf} [accessed 09-May-2017]"
}

@article{twofish,
	title = "\textit{Twofish: A 128-Bit Block Cipher}",
	author = "Bruce Schneier and Doug Whiting and John Kelsey and David Wagner and Chris Hall and Niels Ferguson",
	year = "1998",
	note = "\url{https://www.schneier.com/academic/paperfiles/paper-twofish-paper.pdf} [accessed 09-May-2017]"
	
}
@article{feistel,
	title = "\textit{On Generalized Feistel Networks}",
	author = "Viet Tung Hoang and Phillip Rogaway",
	journal = "Advances in Cryptology – CRYPTO 2010",
	volume = "6223",
	year = "2010"
}

@article{sweet32,
	title = "\textit{On the Practical (In-)Security of 64-bit Block Ciphers: Collision Attacks on HTTP over TLS and OpenVPN}",
	author = "Karthikeyan Bhargavan and Gaetan Leurent",
	year = "2016",
	note = "\url{https://sweet32.info/SWEET32_CCS16.pdf} [accessed 09-May-2017]"
	
}

@Inbook{blowfish,
	author="Bruce Schneier",
	title="\textit{Description of a new variable-length key, 64-bit block cipher (Blowfish)}",
	bookTitle="Fast Software Encryption: Cambridge Security Workshop Cambridge, U. K., December 9--11,1993 Proceedings",
	year="1994",
	publisher="Springer Berlin Heidelberg",
	address="Berlin, Heidelberg",
	pages="191--204",
	isbn="978-3-540-48456-1",
	doi="10.1007/3-540-58108-1_24",
		note = "\url{https://www.schneier.com/academic/archives/1994/09/description_of_a_new.html} [accessed 03-May-2017]"
}

@techreport{cast128,
	AUTHOR = "Carlisle Adams",
	TITLE = "\textit{The CAST-128 Encryption Algorithm}",
	HOWPUBLISHED = "Internet Requests for Comments",
	TYPE="{RFC}",
	NUMBER=2144,
	YEAR = "1997",
	MONTH = "May",
	PUBLISHER = "{RFC Editor}",
	INSTITUTION = "{RFC Editor}"
}

@techreport{gost,
	AUTHOR = "Vladimir Dolmatov",
	TITLE = "\textit{GOST 28147-89: Encryption, Decryption, and Message Authentication Code (MAC) Algorithms}",
	HOWPUBLISHED = "Internet Requests for Comments",
	TYPE="{RFC}",
	NUMBER=5830,
	YEAR = "2010",
	MONTH = "March",
	PUBLISHER = "{RFC Editor}",
	INSTITUTION = "{RFC Editor}"
}

@manual{sha2,
	title = "\textit{Secure Hash Standard}",
	organization = "National Institute of Standards and Technology",
	year = "2015",
	note = "\url{http://nvlpubs.nist.gov/nistpubs/FIPS/NIST.FIPS.180-4.pdf} [accessed 03-May-2017]"
}

@article{shattered,
	author = "Marc Stevens and Elie Bursztein and Pierre Karpman and Ange Albertini and Yarik Markov",
	title = "\textit{The first collision for full SHA-1}",
	year = "2017",
	note = "\url{https://shattered.io/static/shattered.pdf} [accessed 03-May-2017]"
}

@techreport{sha_asic,
	title = "\textit{Hardware Implementation of SHA-1 and SHA-2 Hash Functions}",
	author = "James Docherty and Albert Koelmans",
	year = "2011",
	note = "\url{http://async.org.uk/tech-reports/NCL-EECE-MSD-TR-2011-170.pdf} [accessed 03-May-2017]"
}


@techreport{ieee_xts,
	title = "\textit{Standard for Cryptographic Protection of Data on Block-Oriented Storage Devices}",
	year = "2007",
	author = "IEEE",
	note = "\url{http://grouper.ieee.org/groups/1619/email/pdf00086.pdf} [accessed 03-May-2017]"
}


@article{tweak,
	author="Moses Liskov and Ronald Rivest and David Wagner",
	title="\textit{Tweakable Block Ciphers}",
	journal="Journal of Cryptology",
	year="2011",
	volume="24",
	issn="1432-1378",
}

@book{reveng,
	title = "\textit{Reversing: Secrets of Reverse Engineering}",
	author = "Eldad Eilam",
	year = "2005",
	publisher = "John Wiley \& Sons, Inc.",
	isbn="978-0-7645-7481-8",
}

@article{shannon,
	author = "Claude Elwood Shannon",
	title = "\textit{A Mathematical Theory of Communication}",
	year = "1948",
	journal = "Bell system technical journal",
	volume = "27"
}

@manual{law,
	organization = "Council of European Union",
	title="\textit{DIRECTIVE 2009/24/EC OF THE EUROPEAN PARLIAMENT AND OF THE COUNCIL on the legal protection of computer programs}",
	year= "2009",
	note = "\url{http://eur-lex.europa.eu/legal-content/EN/TXT/?qid=1435057541496&uri=CELEX:32009L0024} [accessed 04-May-2017]"
}

@article{copy_protection,
	title = "\textit{A Survey on Software Protection Techniques against Various Attacks}",
	author = "N Sasirekha and M Hemalatha",
	journal = "Global Journal of Computer Science and Technology",
	volume = "12",
	year = "2012"
}

@techreport{copy_protection2,
	title = "\textit{Watermarking, Tamper-Proofing, and Obfuscation - Tools for Software Protection}",
	author = "Christian Collberg and Clark Thomborson",
	year = "2010",
	institution = "University of Arizona"
}

@article{reveng_origin,
	title = "\textit{Reverse Engineering and Design Recovery: A Taxonomy}",
	author = "Elliot Chikofsky and James Cross",
	year = "1990",
	journal = "IEEE Software"
	
}

@techreport{int13,
	author = "Intel{\ }Corporation and {\ }Compaq{\ }Computer{\ }Corporation and {\ }Phoenix{\ }Technologies{\ }Ltd.",
	title = "\textit{BIOS Boot Specification}",
	year = "1996",
	number = "1.01"
}

@article{passwords1,
	title = "\textit{The Tangled Web of Password Reuse}",
	author = "Anupam Das and Joseph Bonneau and Matthew Caesar and Nikita Borisov and XiaoFeng Wang",
	year = "2014",
	note = "\url{http://www.jbonneau.com/doc/DBCBW14-NDSS-tangled_web.pdf} [accessed 09-May-2017]",
}

@inproceedings {passwords2,
	author = "Rick Wash and Emilee Rader and Ruthie Berman and Zac Wellmer",
	title = "\textit{Understanding Password Choices: How Frequently Entered Passwords Are Re-used across Websites}",
	booktitle = "Twelfth Symposium on Usable Privacy and Security (SOUPS 2016)",
	year = "2016",
	isbn = "978-1-931971-31-7",
	address = "Denver, CO",
	pages = "175--188",
	note = "\url{https://www.usenix.org/conference/soups2016/technical-sessions/presentation/wash} [accessed 04-May-2017]",
	publisher = "USENIX Association",
}

@techreport{shaspeed,
	title = "\textit{Fast SHA-256 Implementations on Intel Architecture Processors}",
	author = "Intel{\ }Corporation",
	year = "2012",
	note = "\url{https://www-ssl.intel.com/content/dam/www/public/us/en/documents/white-papers/sha-256-implementations-paper.pdf} [accessed 04-May-2017]"
}

@inproceedings{password3,
	author = {Dell'Amico, Matteo and Michiardi, Pietro and Roudier, Yves},
	title = "\textit{Password Strength: An Empirical Analysis}",
	booktitle = {Proceedings of the 29th Conference on Information Communications},
	series = {INFOCOM'10},
	year = {2010},
	isbn = {978-1-4244-5836-3},
	location = {San Diego, California, USA},
	pages = {983--991},
	numpages = {9},
	acmid = {1833671},
	publisher = {IEEE Press},
	address = {Piscataway, NJ, USA},
} 

@inproceedings{password4,
	author = {Kelley, Patrick Gage and Komanduri, Saranga and Mazurek, Michelle L. and Shay, Richard and Vidas, Timothy and Bauer, Lujo and Christin, Nicolas and Cranor, Lorrie Faith and Lopez, Julio},
	title = "\textit{Guess Again (and Again and Again): Measuring Password Strength by Simulating Password-Cracking Algorithms}",
	booktitle = {Proceedings of the 2012 IEEE Symposium on Security and Privacy},
	series = {SP '12},
	year = {2012},
	isbn = {978-0-7695-4681-0},
	pages = {523--537},
	numpages = {15},
	doi = {10.1109/SP.2012.38},
	acmid = {2310715},
	publisher = {IEEE Computer Society},
	address = {Washington, DC, USA},
} 

@article{coldboot,
	author = "J. Alex Halderman and Seth D. Schoen and Nadia Heninger and William Clarkson and William Paul and Joseph A. Cal and Ariel J. Feldman and Edward W. Felten",
	title = "\textit{Lest We Remember: Cold-boot Attacks on Encryption Keys}",
	year = "2008"
}

@book{russinovich, 
	author = "Mark E. Russinovich and David A. Solomon and Alex Ionescu",
	title = "\textit{Windows Internals, Part 2}",
	year = "2012",
	isbn = "978-0-7356-6587-3",
	edition = "6th",
	publisher = "Microsoft Press"
} 

@manual{completedump,
	title = "\textit{Complete Memory Dump}",
	organization = "Microsoft Corporation",
	note = "\url{https://msdn.microsoft.com/en-us/library/windows/hardware/ff539190(v=vs.85).aspx} [accessed 04-May-2017]"
}

@manual{pagingfile,
	title = "\textit{How to Clear the Windows Paging File at Shutdown}",
	organization = "Microsoft Corporation",
	note = "\url{https://support.microsoft.com/en-ca/help/314834/how-to-clear-the-windows-paging-file-at-shutdown} [accessed 04-May-2017]"
}

@techreport{cbc,
	author = "Morris Dworkin",
	title = "\textit{SP 800-38A 2001 Edition. Recommendation for Block Cipher Modes of Operation: Methods and Techniques}",
	year = "2001",
	institution = "National Institute of Standards and Technology",
	note = "\url{http://nvlpubs.nist.gov/nistpubs/Legacy/SP/nistspecialpublication800-38a.pdf} [accessed 09-May-2017]"
} 

@article{beast,
	title="\textit{Attacks On SSL - A Comprehensive Study of BEAST, CRIME, TIME, BREACH, LUCKY 13 \& RC4 Biases}",
	author="Pratik Guha Sarkar and Shawn Fitzgerald",
	year="2013",
	institution = "iSEC Partners, Inc",
	note = "\url{https://www.nccgroup.trust/globalassets/our-research/us/whitepapers/ssl_attacks_survey.pdf} [accessed 09-May-2017]"
}

@manual{ioctl,
	title = "\textit{IOCTL_DISK_VERIFY control code}",
	organization = "Microsoft Corporation",
	note = "\url{https://msdn.microsoft.com/en-us/library/windows/hardware/ff560420(v=vs.85).aspx} [accessed 04-May-2017]"
}

@article{multimedia,
	title = "\textit{Exposing Vulnerabilities in Media Software}",
	author = "David Thiel",
	year = "2008",
	institution = "iSEC Partners, Inc",
	note = "\url{https://www.nccgroup.trust/globalassets/our-research/us/whitepapers/isec_thiel_exposing_vulnerabilities_media_software_0.pdf} [accessed 09-May-2017]"
}